[gd_scene load_steps=21 format=2]

[ext_resource path="res://assets/fonts/Lato-Regular.ttf" type="DynamicFontData" id=1]
[ext_resource path="res://loign_screen/LoginScreen.gd" type="Script" id=2]
[ext_resource path="res://resources/fonts/Lato40.tres" type="DynamicFont" id=3]
[ext_resource path="res://elements/water/RiverVisual.tscn" type="PackedScene" id=4]
[ext_resource path="res://elements/air/AirVisual.tscn" type="PackedScene" id=5]
[ext_resource path="res://elements/fire/FireBackground.tscn" type="PackedScene" id=6]
[ext_resource path="res://elements/earth/TamoromuVisual.tscn" type="PackedScene" id=7]
[ext_resource path="res://utils/instruction_background/InstructionBackground.tscn" type="PackedScene" id=8]
[ext_resource path="res://utils/button_animation/ButtonAnimation.gd" type="Script" id=9]
[ext_resource path="res://utils/button_animation/animation_data/normal_button_animation_data.tres" type="Resource" id=10]

[sub_resource type="DynamicFont" id=1]
size = 100
font_data = ExtResource( 1 )

[sub_resource type="Theme" id=2]
default_font = SubResource( 1 )

[sub_resource type="DynamicFont" id=5]
size = 40
font_data = ExtResource( 1 )

[sub_resource type="Theme" id=6]
default_font = SubResource( 5 )

[sub_resource type="DynamicFont" id=3]
size = 50
font_data = ExtResource( 1 )

[sub_resource type="Theme" id=4]
default_font = SubResource( 3 )

[sub_resource type="StyleBoxFlat" id=10]
bg_color = Color( 0.6, 0.6, 0.6, 0 )

[sub_resource type="Theme" id=9]
default_font = ExtResource( 3 )

[sub_resource type="DynamicFont" id=7]
size = 40
font_data = ExtResource( 1 )

[sub_resource type="Theme" id=8]
default_font = SubResource( 7 )

[node name="LoginScreen" type="Control"]
anchor_right = 1.0
anchor_bottom = 1.0
script = ExtResource( 2 )
username_line_edit = NodePath("VBoxContainer/CenterContainer2/HBoxContainer/VBoxContainer2/UsernameLineEdit")
password_line_edit = NodePath("VBoxContainer/CenterContainer2/HBoxContainer/VBoxContainer2/PasswordLineEdit")
confirm_button = NodePath("VBoxContainer/CenterContainer5/ConfirmButton")
login_error_label = NodePath("VBoxContainer/CenterContainer3/LoginErrorLabel")
request_error_label = NodePath("VBoxContainer/CenterContainer6/RequestErrorLabel")

[node name="VBoxContainer" type="VBoxContainer" parent="."]
anchor_right = 1.0
anchor_bottom = 1.0

[node name="CenterContainer" type="CenterContainer" parent="VBoxContainer"]
margin_right = 1920.0
margin_bottom = 300.0
rect_min_size = Vector2( 0, 300 )

[node name="TitleLabel" type="Label" parent="VBoxContainer/CenterContainer"]
margin_left = 655.0
margin_top = 89.0
margin_right = 1265.0
margin_bottom = 210.0
theme = SubResource( 2 )
text = "Faça seu login"

[node name="InstructionBackground" parent="VBoxContainer/CenterContainer/TitleLabel" instance=ExtResource( 8 )]
parent = NodePath("..")

[node name="CenterContainer2" type="CenterContainer" parent="VBoxContainer"]
margin_top = 304.0
margin_right = 1920.0
margin_bottom = 625.0
size_flags_horizontal = 3
size_flags_vertical = 3

[node name="HBoxContainer" type="HBoxContainer" parent="VBoxContainer/CenterContainer2"]
margin_left = 452.0
margin_top = 69.0
margin_right = 1468.0
margin_bottom = 251.0
custom_constants/separation = 80

[node name="VBoxContainer" type="VBoxContainer" parent="VBoxContainer/CenterContainer2/HBoxContainer"]
margin_right = 136.0
margin_bottom = 182.0
custom_constants/separation = 60

[node name="UsernameLabel" type="Label" parent="VBoxContainer/CenterContainer2/HBoxContainer/VBoxContainer"]
margin_top = 6.0
margin_right = 136.0
margin_bottom = 55.0
size_flags_vertical = 6
theme = SubResource( 6 )
text = "Usuário"
align = 2

[node name="InstructionBackground" parent="VBoxContainer/CenterContainer2/HBoxContainer/VBoxContainer/UsernameLabel" instance=ExtResource( 8 )]
parent = NodePath("..")

[node name="PasswordLabel" type="Label" parent="VBoxContainer/CenterContainer2/HBoxContainer/VBoxContainer"]
margin_top = 127.0
margin_right = 136.0
margin_bottom = 176.0
size_flags_horizontal = 3
size_flags_vertical = 6
theme = SubResource( 6 )
text = "Senha "
align = 1

[node name="InstructionBackground" parent="VBoxContainer/CenterContainer2/HBoxContainer/VBoxContainer/PasswordLabel" instance=ExtResource( 8 )]
parent = NodePath("..")

[node name="VBoxContainer2" type="VBoxContainer" parent="VBoxContainer/CenterContainer2/HBoxContainer"]
margin_left = 216.0
margin_right = 1016.0
margin_bottom = 182.0
custom_constants/separation = 60

[node name="UsernameLineEdit" type="LineEdit" parent="VBoxContainer/CenterContainer2/HBoxContainer/VBoxContainer2"]
margin_right = 800.0
margin_bottom = 61.0
rect_min_size = Vector2( 800, 0 )
theme = SubResource( 4 )
custom_colors/font_color_selected = Color( 1, 1, 1, 1 )
custom_colors/font_color = Color( 1, 1, 1, 1 )
custom_styles/read_only = SubResource( 10 )
custom_styles/focus = SubResource( 10 )
custom_styles/normal = SubResource( 10 )
placeholder_text = "usuário"

[node name="InstructionBackground" parent="VBoxContainer/CenterContainer2/HBoxContainer/VBoxContainer2/UsernameLineEdit" instance=ExtResource( 8 )]
parent = NodePath("..")

[node name="PasswordLineEdit" type="LineEdit" parent="VBoxContainer/CenterContainer2/HBoxContainer/VBoxContainer2"]
margin_top = 121.0
margin_right = 800.0
margin_bottom = 182.0
rect_min_size = Vector2( 800, 0 )
theme = SubResource( 4 )
custom_colors/font_color = Color( 1, 1, 1, 1 )
custom_styles/read_only = SubResource( 10 )
custom_styles/focus = SubResource( 10 )
custom_styles/normal = SubResource( 10 )
secret = true
placeholder_text = "senha"

[node name="InstructionBackground" parent="VBoxContainer/CenterContainer2/HBoxContainer/VBoxContainer2/PasswordLineEdit" instance=ExtResource( 8 )]
parent = NodePath("..")

[node name="CenterContainer3" type="CenterContainer" parent="VBoxContainer"]
margin_top = 629.0
margin_right = 1920.0
margin_bottom = 678.0

[node name="LoginErrorLabel" type="Label" parent="VBoxContainer/CenterContainer3"]
margin_left = 871.0
margin_right = 1048.0
margin_bottom = 49.0
theme = SubResource( 9 )
custom_colors/font_color = Color( 0.894118, 0.239216, 0.239216, 1 )
text = "asdasdasd"
align = 1
valign = 1

[node name="InstructionBackground" parent="VBoxContainer/CenterContainer3/LoginErrorLabel" instance=ExtResource( 8 )]
parent = NodePath("..")

[node name="CenterContainer4" type="CenterContainer" parent="VBoxContainer"]
margin_top = 682.0
margin_right = 1920.0
margin_bottom = 702.0
rect_min_size = Vector2( 0, 20 )

[node name="CenterContainer6" type="CenterContainer" parent="VBoxContainer"]
margin_top = 706.0
margin_right = 1920.0
margin_bottom = 755.0

[node name="RequestErrorLabel" type="Label" parent="VBoxContainer/CenterContainer6"]
margin_left = 960.0
margin_right = 960.0
margin_bottom = 49.0
theme = SubResource( 9 )
custom_colors/font_color = Color( 0.894118, 0.239216, 0.239216, 1 )
align = 1
valign = 1

[node name="InstructionBackground" parent="VBoxContainer/CenterContainer6/RequestErrorLabel" instance=ExtResource( 8 )]
parent = NodePath("..")

[node name="CenterContainer5" type="CenterContainer" parent="VBoxContainer"]
margin_top = 759.0
margin_right = 1920.0
margin_bottom = 1080.0
size_flags_vertical = 3

[node name="ConfirmButton" type="Button" parent="VBoxContainer/CenterContainer5"]
margin_left = 845.0
margin_top = 125.0
margin_right = 1075.0
margin_bottom = 195.0
rect_min_size = Vector2( 230, 70 )
theme = SubResource( 8 )
text = "Confirmar"
script = ExtResource( 9 )
button_data = ExtResource( 10 )

[node name="BackgroundLayer" type="CanvasLayer" parent="."]
layer = -2

[node name="GridContainerBackground" type="GridContainer" parent="BackgroundLayer"]
anchor_right = 1.0
anchor_bottom = 1.0
columns = 2

[node name="EarthViewportContainer" type="ViewportContainer" parent="BackgroundLayer/GridContainerBackground"]
margin_right = 958.0
margin_bottom = 538.0
size_flags_horizontal = 3
size_flags_vertical = 3
stretch = true

[node name="Viewport" type="Viewport" parent="BackgroundLayer/GridContainerBackground/EarthViewportContainer"]
size = Vector2( 960, 540 )
size_override_stretch = true
handle_input_locally = false
render_target_update_mode = 3

[node name="TamoromuVisual" parent="BackgroundLayer/GridContainerBackground/EarthViewportContainer/Viewport" instance=ExtResource( 7 )]
position = Vector2( 480, 270 )
scale = Vector2( 0.5, 0.5 )

[node name="WaterViewportContainer" type="ViewportContainer" parent="BackgroundLayer/GridContainerBackground"]
margin_left = 962.0
margin_right = 1920.0
margin_bottom = 538.0
size_flags_horizontal = 3
size_flags_vertical = 3
stretch = true

[node name="Viewport" type="Viewport" parent="BackgroundLayer/GridContainerBackground/WaterViewportContainer"]
size = Vector2( 960, 540 )
size_override_stretch = true
handle_input_locally = false
render_target_update_mode = 3

[node name="RiverVisual" parent="BackgroundLayer/GridContainerBackground/WaterViewportContainer/Viewport" instance=ExtResource( 4 )]
position = Vector2( 480, 270 )
scale = Vector2( 0.5, 0.5 )

[node name="FireViewportContainer" type="ViewportContainer" parent="BackgroundLayer/GridContainerBackground"]
margin_top = 542.0
margin_right = 958.0
margin_bottom = 1080.0
size_flags_horizontal = 3
size_flags_vertical = 3
stretch = true

[node name="Viewport" type="Viewport" parent="BackgroundLayer/GridContainerBackground/FireViewportContainer"]
size = Vector2( 960, 540 )
size_override_stretch = true
handle_input_locally = false
render_target_update_mode = 3

[node name="FireBackground" parent="BackgroundLayer/GridContainerBackground/FireViewportContainer/Viewport" instance=ExtResource( 6 )]
scale = Vector2( 0.5, 0.5 )

[node name="AirViewportContainer" type="ViewportContainer" parent="BackgroundLayer/GridContainerBackground"]
margin_left = 962.0
margin_top = 542.0
margin_right = 1920.0
margin_bottom = 1080.0
size_flags_horizontal = 3
size_flags_vertical = 3
stretch = true

[node name="Viewport" type="Viewport" parent="BackgroundLayer/GridContainerBackground/AirViewportContainer"]
size = Vector2( 960, 540 )
size_override_stretch = true
handle_input_locally = false
render_target_update_mode = 3

[node name="AirVisual" parent="BackgroundLayer/GridContainerBackground/AirViewportContainer/Viewport" instance=ExtResource( 5 )]
position = Vector2( 480, 270 )
scale = Vector2( 0.5, 0.5 )
