[gd_scene load_steps=20 format=2]

[ext_resource path="res://elements/air/retell/RetellGame.gd" type="Script" id=1]
[ext_resource path="res://assets/sfx/success.wav" type="AudioStream" id=2]
[ext_resource path="res://elements/air/retell/RetellOptionCard.tscn" type="PackedScene" id=3]
[ext_resource path="res://assets/fonts/Lato-Bold.ttf" type="DynamicFontData" id=4]
[ext_resource path="res://assets/fonts/Lato-Regular.ttf" type="DynamicFontData" id=5]
[ext_resource path="res://assets/sfx/fail.wav" type="AudioStream" id=6]
[ext_resource path="res://game_saver/GameSaver.tscn" type="PackedScene" id=7]
[ext_resource path="res://elements/air/retell/RetellImageDock.tscn" type="PackedScene" id=8]
[ext_resource path="res://utils/instruction_background/InstructionBackground.tscn" type="PackedScene" id=9]
[ext_resource path="res://elements/air/AirVisual.tscn" type="PackedScene" id=10]
[ext_resource path="res://assets/textures/arrow-left-solid.svg" type="Texture" id=11]
[ext_resource path="res://utils/button_animation/ButtonAnimation.gd" type="Script" id=12]
[ext_resource path="res://utils/button_animation/animation_data/icon_button_animation_data.tres" type="Resource" id=13]

[sub_resource type="DynamicFont" id=25]
size = 70
font_data = ExtResource( 5 )

[sub_resource type="Theme" id=19]
default_font = SubResource( 25 )

[sub_resource type="DynamicFont" id=27]
size = 24
font_data = ExtResource( 4 )

[sub_resource type="DynamicFont" id=26]
size = 24
extra_spacing_space = 5
font_data = ExtResource( 5 )

[sub_resource type="DynamicFont" id=28]
size = 40
font_data = ExtResource( 5 )

[sub_resource type="Theme" id=29]
default_font = SubResource( 28 )
Button/fonts/font = SubResource( 28 )

[node name="RetellGame" type="Node2D"]
script = ExtResource( 1 )
option_cards = NodePath("OptionCards")
image_docks = NodePath("ImageDocks")
level_label = NodePath("CanvasLayer/LevelLabel")
back_button = NodePath("CanvasLayer/Back")
myth_label = NodePath("CanvasLayer/CenterContainer2/MarginContainer/RichTextLabel")
victory_sfx_player = NodePath("VictorySfx")
fail_sfx_player = NodePath("FailSfx")
game_saver = NodePath("CanvasLayer/GameSaver")

[node name="ImageDocks" type="Node2D" parent="."]

[node name="RetellImageDock1" parent="ImageDocks" instance=ExtResource( 8 )]
position = Vector2( 600, 800 )
image_index = 0

[node name="RetellImageDock2" parent="ImageDocks" instance=ExtResource( 8 )]
position = Vector2( 960, 800 )
image_index = 1

[node name="RetellImageDock3" parent="ImageDocks" instance=ExtResource( 8 )]
position = Vector2( 1320, 800 )
image_index = 2

[node name="OptionCards" type="Node2D" parent="."]

[node name="RetellOptionCard1" parent="OptionCards" instance=ExtResource( 3 )]
position = Vector2( 240, 300 )
index = 1

[node name="RetellOptionCard2" parent="OptionCards" instance=ExtResource( 3 )]
position = Vector2( 240, 600 )
index = 1

[node name="RetellOptionCard3" parent="OptionCards" instance=ExtResource( 3 )]
position = Vector2( 240, 900 )
index = 1

[node name="RetellOptionCard4" parent="OptionCards" instance=ExtResource( 3 )]
position = Vector2( 1680, 300 )
index = 1

[node name="RetellOptionCard5" parent="OptionCards" instance=ExtResource( 3 )]
position = Vector2( 1680, 600 )
index = 1

[node name="RetellOptionCard6" parent="OptionCards" instance=ExtResource( 3 )]
position = Vector2( 1680, 900 )
index = 1

[node name="CanvasLayer" type="CanvasLayer" parent="."]

[node name="InstructionBackground" parent="CanvasLayer" instance=ExtResource( 9 )]
parent = NodePath("../LevelLabel")

[node name="LevelLabel" type="Label" parent="CanvasLayer"]
anchor_right = 1.0
margin_left = 800.0
margin_top = 50.0
margin_right = -799.0
margin_bottom = 135.0
theme = SubResource( 19 )
text = "NÍVEL  %d"
align = 1

[node name="GameSaver" parent="CanvasLayer" instance=ExtResource( 7 )]

[node name="InstructionBackground2" parent="CanvasLayer" instance=ExtResource( 9 )]
parent = NodePath("../CenterContainer2/MarginContainer")

[node name="CenterContainer2" type="CenterContainer" parent="CanvasLayer"]
anchor_right = 1.0
anchor_bottom = 1.0
margin_bottom = -255.0
mouse_filter = 2

[node name="MarginContainer" type="MarginContainer" parent="CanvasLayer/CenterContainer2"]
margin_left = 715.0
margin_top = 315.0
margin_right = 1205.0
margin_bottom = 510.0
mouse_filter = 2
custom_constants/margin_right = 20
custom_constants/margin_top = 20
custom_constants/margin_left = 20
custom_constants/margin_bottom = 20

[node name="RichTextLabel" type="RichTextLabel" parent="CanvasLayer/CenterContainer2/MarginContainer"]
margin_left = 20.0
margin_top = 20.0
margin_right = 470.0
margin_bottom = 175.0
rect_min_size = Vector2( 450, 0 )
mouse_filter = 2
size_flags_horizontal = 3
size_flags_vertical = 3
custom_colors/default_color = Color( 1, 1, 1, 1 )
custom_fonts/bold_font = SubResource( 27 )
custom_fonts/normal_font = SubResource( 26 )
bbcode_enabled = true
bbcode_text = "FOI NO TEMPO EM QUE A MÚSICA ERA APENAS DOS [u][b]PÁSSAROS[/b][/u]. NA [u][b]FLORESTA[/b][/u] AMAZÔNICA HABITAVA UM [u][b]POVO FELIZ[/b][/u], EM HARMONIA COM A NATUREZA."
text = "FOI NO TEMPO EM QUE A MÚSICA ERA APENAS DOS PÁSSAROS. NA FLORESTA AMAZÔNICA HABITAVA UM POVO FELIZ, EM HARMONIA COM A NATUREZA."
fit_content_height = true
scroll_active = false

[node name="Back" type="Button" parent="CanvasLayer"]
margin_left = 50.0
margin_top = 50.0
margin_right = 130.0
margin_bottom = 130.0
rect_min_size = Vector2( 90, 90 )
theme = SubResource( 29 )
icon = ExtResource( 11 )
expand_icon = true
script = ExtResource( 12 )
button_data = ExtResource( 13 )

[node name="VictorySfx" type="AudioStreamPlayer" parent="."]
stream = ExtResource( 2 )
volume_db = -10.0

[node name="FailSfx" type="AudioStreamPlayer" parent="."]
stream = ExtResource( 6 )

[node name="AirVisual" parent="." instance=ExtResource( 10 )]
position = Vector2( 960, 540 )
