[gd_scene load_steps=20 format=2]

[ext_resource path="res://elements/earth/valise3/Valise3Game.gd" type="Script" id=1]
[ext_resource path="res://assets/sfx/success.wav" type="AudioStream" id=2]
[ext_resource path="res://elements/earth/valise3/Valise3QuestionCard.tscn" type="PackedScene" id=3]
[ext_resource path="res://elements/earth/valise3/Valise3OptionCard.tscn" type="PackedScene" id=4]
[ext_resource path="res://assets/fonts/Lato-Regular.ttf" type="DynamicFontData" id=5]
[ext_resource path="res://assets/sfx/fail.wav" type="AudioStream" id=6]
[ext_resource path="res://game_saver/GameSaver.tscn" type="PackedScene" id=7]
[ext_resource path="res://elements/earth/TamoromuVisual.tscn" type="PackedScene" id=8]
[ext_resource path="res://utils/instruction_background/InstructionBackground.tscn" type="PackedScene" id=9]
[ext_resource path="res://elements/water/RiverVisual.tscn" type="PackedScene" id=10]
[ext_resource path="res://elements/fire/FireBackground.tscn" type="PackedScene" id=11]
[ext_resource path="res://elements/air/AirVisual.tscn" type="PackedScene" id=12]
[ext_resource path="res://assets/textures/arrow-left-solid.svg" type="Texture" id=13]
[ext_resource path="res://utils/button_animation/ButtonAnimation.gd" type="Script" id=14]
[ext_resource path="res://utils/button_animation/animation_data/icon_button_animation_data.tres" type="Resource" id=15]

[sub_resource type="DynamicFont" id=21]
size = 70
font_data = ExtResource( 5 )

[sub_resource type="Theme" id=19]
default_font = SubResource( 21 )

[sub_resource type="DynamicFont" id=22]
size = 40
font_data = ExtResource( 5 )

[sub_resource type="Theme" id=23]
default_font = SubResource( 22 )
Button/fonts/font = SubResource( 22 )

[node name="Valise3Game" type="Node2D"]
script = ExtResource( 1 )
element_visuals = [ NodePath("TamoromuVisual"), NodePath("RiverVisual"), NodePath("FireBackground"), NodePath("AirVisual") ]
option_card_scene = ExtResource( 4 )
question_card_scene = ExtResource( 3 )
level_label = NodePath("CanvasLayer/LevelLabel")
back_button = NodePath("CanvasLayer/Back")
victory_sfx_player = NodePath("VictorySfx")
fail_sfx_player = NodePath("FailSfx")
game_saver = NodePath("CanvasLayer/GameSaver")

[node name="CanvasLayer" type="CanvasLayer" parent="."]

[node name="InstructionBackground" parent="CanvasLayer" instance=ExtResource( 9 )]
parent = NodePath("../LevelLabel")

[node name="LevelLabel" type="Label" parent="CanvasLayer"]
anchor_right = 1.0
margin_left = 807.0
margin_top = 50.0
margin_right = -806.0
margin_bottom = 135.0
theme = SubResource( 19 )
text = "NÍVEL %d"
align = 1

[node name="GameSaver" parent="CanvasLayer" instance=ExtResource( 7 )]

[node name="Back" type="Button" parent="CanvasLayer"]
margin_left = 50.0
margin_top = 50.0
margin_right = 130.0
margin_bottom = 130.0
rect_min_size = Vector2( 90, 90 )
theme = SubResource( 23 )
icon = ExtResource( 13 )
expand_icon = true
script = ExtResource( 14 )
button_data = ExtResource( 15 )

[node name="VictorySfx" type="AudioStreamPlayer" parent="."]
stream = ExtResource( 2 )
volume_db = -10.0

[node name="FailSfx" type="AudioStreamPlayer" parent="."]
stream = ExtResource( 6 )

[node name="TamoromuVisual" parent="." instance=ExtResource( 8 )]
position = Vector2( 960, 540 )

[node name="RiverVisual" parent="." instance=ExtResource( 10 )]
position = Vector2( 960, 540 )

[node name="FireBackground" parent="." instance=ExtResource( 11 )]

[node name="AirVisual" parent="." instance=ExtResource( 12 )]
position = Vector2( 960, 540 )
