[gd_scene load_steps=21 format=2]

[ext_resource path="res://elements/water/rhyme1/Rhyme1Game.gd" type="Script" id=1]
[ext_resource path="res://assets/sfx/success.wav" type="AudioStream" id=2]
[ext_resource path="res://elements/water/rhyme1/Rhyme1QuestionCard.tscn" type="PackedScene" id=3]
[ext_resource path="res://elements/water/rhyme1/Rhyme1OptionCard.tscn" type="PackedScene" id=4]
[ext_resource path="res://assets/fonts/Lato-Regular.ttf" type="DynamicFontData" id=5]
[ext_resource path="res://assets/sfx/fail.wav" type="AudioStream" id=6]
[ext_resource path="res://game_saver/GameSaver.tscn" type="PackedScene" id=7]
[ext_resource path="res://assets/audios/water/instructions/o-q-rima-com.mp3" type="AudioStream" id=8]
[ext_resource path="res://elements/water/RiverVisual.tscn" type="PackedScene" id=9]
[ext_resource path="res://utils/instruction_background/InstructionBackground.tscn" type="PackedScene" id=10]
[ext_resource path="res://assets/textures/arrow-left-solid.svg" type="Texture" id=11]
[ext_resource path="res://utils/button_animation/ButtonAnimation.gd" type="Script" id=12]
[ext_resource path="res://utils/button_animation/animation_data/icon_button_animation_data.tres" type="Resource" id=13]

[sub_resource type="DynamicFont" id=25]
size = 70
font_data = ExtResource( 5 )

[sub_resource type="Theme" id=19]
default_font = SubResource( 25 )

[sub_resource type="DynamicFont" id=23]
size = 70
font_data = ExtResource( 5 )

[sub_resource type="Theme" id=24]
default_font = SubResource( 23 )

[sub_resource type="DynamicFont" id=27]
size = 40
font_data = ExtResource( 5 )

[sub_resource type="Theme" id=28]
default_font = SubResource( 27 )
Button/fonts/font = SubResource( 27 )

[sub_resource type="Animation" id=26]
resource_name = "initial"
length = 1.5
tracks/0/type = "audio"
tracks/0/path = NodePath("InitialAudioPlayer")
tracks/0/interp = 1
tracks/0/loop_wrap = true
tracks/0/imported = false
tracks/0/enabled = true
tracks/0/keys = {
"clips": [ {
"end_offset": 0.0,
"start_offset": 0.0,
"stream": ExtResource( 8 )
} ],
"times": PoolRealArray( 0 )
}
tracks/1/type = "method"
tracks/1/path = NodePath("InitialWordPlayer")
tracks/1/interp = 1
tracks/1/loop_wrap = true
tracks/1/imported = false
tracks/1/enabled = true
tracks/1/keys = {
"times": PoolRealArray( 1.5 ),
"transitions": PoolRealArray( 1 ),
"values": [ {
"args": [ 0.0 ],
"method": "play"
} ]
}

[node name="Rhyme1Game" type="Node2D"]
script = ExtResource( 1 )
option_card_scene = ExtResource( 4 )
question_card_scene = ExtResource( 3 )
level_label = NodePath("CanvasLayer/LevelLabel")
back_button = NodePath("CanvasLayer/Back")
debug_word_label = NodePath("CanvasLayer/DebguWordLabel")
victory_sfx_player = NodePath("VictorySfx")
fail_sfx_player = NodePath("FailSfx")
initial_audio_player = NodePath("InitialAudioPlayer")
initial_word_player = NodePath("InitialWordPlayer")
hint_player1 = NodePath("HintPlayer1")
hint_player2 = NodePath("HintPlayer2")
hint_player3 = NodePath("HintPlayer3")
game_saver = NodePath("CanvasLayer/GameSaver")
animation_player = NodePath("AnimationPlayer")

[node name="CanvasLayer" type="CanvasLayer" parent="."]

[node name="InstructionBackground" parent="CanvasLayer" instance=ExtResource( 10 )]
parent = NodePath("../LevelLabel")

[node name="LevelLabel" type="Label" parent="CanvasLayer"]
anchor_right = 1.0
margin_left = 800.0
margin_top = 50.0
margin_right = -799.0
margin_bottom = 135.0
theme = SubResource( 19 )
text = "NÍVEL  %d"
align = 1

[node name="DebguWordLabel" type="Label" parent="CanvasLayer"]
visible = false
anchor_left = 0.5
anchor_top = 0.5
anchor_right = 0.5
anchor_bottom = 0.5
margin_left = -212.5
margin_top = -24.0
margin_right = 212.5
margin_bottom = 61.0
theme = SubResource( 24 )
align = 1
valign = 1
__meta__ = {
"_edit_use_anchors_": false
}

[node name="GameSaver" parent="CanvasLayer" instance=ExtResource( 7 )]

[node name="Back" type="Button" parent="CanvasLayer"]
margin_left = 50.0
margin_top = 50.0
margin_right = 130.0
margin_bottom = 130.0
rect_min_size = Vector2( 90, 90 )
theme = SubResource( 28 )
icon = ExtResource( 11 )
expand_icon = true
script = ExtResource( 12 )
button_data = ExtResource( 13 )

[node name="VictorySfx" type="AudioStreamPlayer" parent="."]
stream = ExtResource( 2 )
volume_db = -10.0

[node name="FailSfx" type="AudioStreamPlayer" parent="."]
stream = ExtResource( 6 )

[node name="InitialAudioPlayer" type="AudioStreamPlayer" parent="."]

[node name="InitialWordPlayer" type="AudioStreamPlayer" parent="."]

[node name="HintPlayer1" type="AudioStreamPlayer" parent="."]

[node name="HintPlayer2" type="AudioStreamPlayer" parent="."]

[node name="HintPlayer3" type="AudioStreamPlayer" parent="."]

[node name="AnimationPlayer" type="AnimationPlayer" parent="."]
anims/initial = SubResource( 26 )

[node name="RiverVisual" parent="." instance=ExtResource( 9 )]
position = Vector2( 960, 540 )
