[gd_scene load_steps=20 format=2]

[ext_resource path="res://assets/fonts/Lato-Regular.ttf" type="DynamicFontData" id=1]
[ext_resource path="res://elements/fire/tongue_twister/TongueTwisterScreen2.gd" type="Script" id=2]
[ext_resource path="res://assets/textures/play-icon.png" type="Texture" id=3]
[ext_resource path="res://assets/audios/fire/instructions/a-ra-aranha-a-ra.mp3" type="AudioStream" id=4]
[ext_resource path="res://assets/textures/mic-icon.svg" type="Texture" id=5]
[ext_resource path="res://assets/textures/listen-icon.svg" type="Texture" id=6]
[ext_resource path="res://utils/instruction_background/InstructionBackground.tscn" type="PackedScene" id=7]
[ext_resource path="res://utils/button_animation/ButtonAnimation.gd" type="Script" id=8]
[ext_resource path="res://utils/button_animation/animation_data/normal_button_animation_data.tres" type="Resource" id=9]

[sub_resource type="DynamicFont" id=1]
size = 50
font_data = ExtResource( 1 )

[sub_resource type="Theme" id=2]
default_font = SubResource( 1 )
Button/fonts/font = SubResource( 1 )

[sub_resource type="Shader" id=3]
code = "shader_type canvas_item;

uniform vec4 color: hint_color;

void fragment()
{
	COLOR = vec4(color.rgb, texture(TEXTURE, UV).a);
}"

[sub_resource type="ShaderMaterial" id=4]
shader = SubResource( 3 )
shader_param/color = Color( 1, 1, 1, 1 )

[sub_resource type="DynamicFont" id=9]
size = 40
font_data = ExtResource( 1 )

[sub_resource type="Theme" id=10]
default_font = SubResource( 9 )
Button/fonts/font = SubResource( 9 )

[sub_resource type="AudioStreamMicrophone" id=11]

[sub_resource type="Animation" id=5]
length = 0.001
tracks/0/type = "value"
tracks/0/path = NodePath("VBoxContainer/CenterContainer/VBoxContainer/HBoxContainer/CenterContainer2/PlayTextureRect:material:shader_param/color")
tracks/0/interp = 1
tracks/0/loop_wrap = true
tracks/0/imported = false
tracks/0/enabled = true
tracks/0/keys = {
"times": PoolRealArray( 0 ),
"transitions": PoolRealArray( 1 ),
"update": 0,
"values": [ Color( 1, 1, 1, 1 ) ]
}

[sub_resource type="Animation" id=7]
resource_name = "end-record"
length = 0.5
tracks/0/type = "value"
tracks/0/path = NodePath("VBoxContainer/CenterContainer/VBoxContainer/HBoxContainer/CenterContainer2/PlayTextureRect:material:shader_param/color")
tracks/0/interp = 1
tracks/0/loop_wrap = true
tracks/0/imported = false
tracks/0/enabled = true
tracks/0/keys = {
"times": PoolRealArray( 0, 0.5 ),
"transitions": PoolRealArray( 1, 1 ),
"update": 0,
"values": [ Color( 0.764706, 0.133333, 0.133333, 1 ), Color( 1, 1, 1, 1 ) ]
}

[sub_resource type="Animation" id=6]
resource_name = "start-record"
length = 0.5
tracks/0/type = "value"
tracks/0/path = NodePath("VBoxContainer/CenterContainer/VBoxContainer/HBoxContainer/CenterContainer2/PlayTextureRect:material:shader_param/color")
tracks/0/interp = 1
tracks/0/loop_wrap = true
tracks/0/imported = false
tracks/0/enabled = true
tracks/0/keys = {
"times": PoolRealArray( 0, 0.5 ),
"transitions": PoolRealArray( 1, 1 ),
"update": 0,
"values": [ Color( 1, 1, 1, 1 ), Color( 0.764706, 0.133333, 0.133333, 1 ) ]
}

[node name="TongueTwisterScreen2" type="HBoxContainer"]
light_mask = 0
anchor_right = 1.0
anchor_bottom = 1.0
rect_min_size = Vector2( 1920, 1080 )
size_flags_horizontal = 3
size_flags_vertical = 3
script = ExtResource( 2 )
instruction_label = NodePath("VBoxContainer/CenterContainer/VBoxContainer/Instruction")
play_button = NodePath("VBoxContainer/CenterContainer/VBoxContainer/HBoxContainer/CenterContainer/PlayButton")
record_button = NodePath("VBoxContainer/CenterContainer/VBoxContainer/HBoxContainer/CenterContainer2/RecordButton")
play_record_button = NodePath("VBoxContainer/CenterContainer/VBoxContainer/HBoxContainer/CenterContainer3/PlayRecordButton")
continue_button = NodePath("VBoxContainer/CenterContainer2/ContinueButton")
tongue_twister_player = NodePath("TongueTwisterPlayer")
audio_stream_record_player = NodePath("AudioStreamRecordPlayer")
animation_player = NodePath("AnimationPlayer")

[node name="InstructionBackground2" parent="." instance=ExtResource( 7 )]
light_mask = 0
anchor_right = 0.0
anchor_bottom = 0.0
margin_bottom = 1080.0
parent = NodePath("../VBoxContainer/CenterContainer/VBoxContainer/Instruction")

[node name="VBoxContainer" type="VBoxContainer" parent="."]
light_mask = 0
margin_left = 4.0
margin_right = 1916.0
margin_bottom = 1080.0
size_flags_horizontal = 3
size_flags_vertical = 3

[node name="CenterContainer" type="CenterContainer" parent="VBoxContainer"]
light_mask = 0
margin_right = 1912.0
margin_bottom = 746.0
size_flags_horizontal = 3
size_flags_vertical = 3

[node name="VBoxContainer" type="VBoxContainer" parent="VBoxContainer/CenterContainer"]
light_mask = 0
margin_left = 525.0
margin_top = 185.0
margin_right = 1387.0
margin_bottom = 560.0
size_flags_vertical = 3
custom_constants/separation = 100

[node name="Instruction" type="Label" parent="VBoxContainer/CenterContainer/VBoxContainer"]
light_mask = 0
margin_right = 862.0
margin_bottom = 125.0
theme = SubResource( 2 )
text = "PRESSIONE O BOTÃO DA ESQUERDA
PARA OUVIR O TRAVA LÍNGUAS"
align = 1

[node name="HBoxContainer" type="HBoxContainer" parent="VBoxContainer/CenterContainer/VBoxContainer"]
light_mask = 0
margin_top = 225.0
margin_right = 862.0
margin_bottom = 375.0

[node name="CenterContainer" type="CenterContainer" parent="VBoxContainer/CenterContainer/VBoxContainer/HBoxContainer"]
light_mask = 0
margin_right = 284.0
margin_bottom = 150.0
size_flags_horizontal = 3
size_flags_vertical = 3

[node name="PlayButton" type="Button" parent="VBoxContainer/CenterContainer/VBoxContainer/HBoxContainer/CenterContainer"]
light_mask = 0
margin_left = 67.0
margin_right = 217.0
margin_bottom = 150.0
rect_min_size = Vector2( 150, 150 )
script = ExtResource( 8 )
button_data = ExtResource( 9 )

[node name="PlayTextureRect" type="TextureRect" parent="VBoxContainer/CenterContainer/VBoxContainer/HBoxContainer/CenterContainer"]
light_mask = 0
margin_left = 78.0
margin_top = 11.0
margin_right = 206.0
margin_bottom = 139.0
rect_min_size = Vector2( 128, 128 )
mouse_filter = 2
texture = ExtResource( 3 )
expand = true
stretch_mode = 1

[node name="CenterContainer2" type="CenterContainer" parent="VBoxContainer/CenterContainer/VBoxContainer/HBoxContainer"]
light_mask = 0
margin_left = 288.0
margin_right = 573.0
margin_bottom = 150.0
size_flags_horizontal = 3
size_flags_vertical = 3

[node name="RecordButton" type="Button" parent="VBoxContainer/CenterContainer/VBoxContainer/HBoxContainer/CenterContainer2"]
light_mask = 0
margin_left = 67.0
margin_right = 217.0
margin_bottom = 150.0
rect_min_size = Vector2( 150, 150 )
disabled = true
script = ExtResource( 8 )
button_data = ExtResource( 9 )

[node name="PlayTextureRect" type="TextureRect" parent="VBoxContainer/CenterContainer/VBoxContainer/HBoxContainer/CenterContainer2"]
light_mask = 0
material = SubResource( 4 )
margin_left = 78.0
margin_top = 11.0
margin_right = 206.0
margin_bottom = 139.0
rect_min_size = Vector2( 128, 128 )
mouse_filter = 2
texture = ExtResource( 5 )
expand = true
stretch_mode = 1

[node name="CenterContainer3" type="CenterContainer" parent="VBoxContainer/CenterContainer/VBoxContainer/HBoxContainer"]
light_mask = 0
margin_left = 577.0
margin_right = 862.0
margin_bottom = 150.0
size_flags_horizontal = 3
size_flags_vertical = 3

[node name="PlayRecordButton" type="Button" parent="VBoxContainer/CenterContainer/VBoxContainer/HBoxContainer/CenterContainer3"]
light_mask = 0
margin_left = 67.0
margin_right = 217.0
margin_bottom = 150.0
rect_min_size = Vector2( 150, 150 )
disabled = true
script = ExtResource( 8 )
button_data = ExtResource( 9 )

[node name="PlayTextureRect" type="TextureRect" parent="VBoxContainer/CenterContainer/VBoxContainer/HBoxContainer/CenterContainer3"]
light_mask = 0
margin_left = 78.0
margin_top = 11.0
margin_right = 206.0
margin_bottom = 139.0
rect_min_size = Vector2( 128, 128 )
mouse_filter = 2
texture = ExtResource( 6 )
expand = true
stretch_mode = 1

[node name="CenterContainer2" type="CenterContainer" parent="VBoxContainer"]
light_mask = 0
margin_top = 750.0
margin_right = 1912.0
margin_bottom = 1080.0
rect_min_size = Vector2( 0, 330 )

[node name="ContinueButton" type="Button" parent="VBoxContainer/CenterContainer2"]
light_mask = 0
margin_left = 826.0
margin_top = 125.0
margin_right = 1086.0
margin_bottom = 205.0
rect_min_size = Vector2( 260, 80 )
theme = SubResource( 10 )
disabled = true
text = "CONTINUAR"
script = ExtResource( 8 )
button_data = ExtResource( 9 )

[node name="InstructionBackground" parent="." instance=ExtResource( 7 )]
light_mask = 0
anchor_right = 0.0
anchor_bottom = 0.0
margin_left = 1920.0
margin_right = 1920.0
margin_bottom = 1080.0
parent = NodePath("../VBoxContainer/CenterContainer/VBoxContainer/Instruction")

[node name="TongueTwisterPlayer" type="AudioStreamPlayer" parent="."]
stream = ExtResource( 4 )

[node name="AudioStreamRecord" type="AudioStreamPlayer" parent="."]
stream = SubResource( 11 )
autoplay = true
bus = "Record"

[node name="AudioStreamRecordPlayer" type="AudioStreamPlayer" parent="."]

[node name="AnimationPlayer" type="AnimationPlayer" parent="."]
anims/RESET = SubResource( 5 )
anims/end-record = SubResource( 7 )
anims/start-record = SubResource( 6 )
