[gd_scene load_steps=25 format=2]

[ext_resource path="res://elements/fire/FireMinigameSelector.gd" type="Script" id=1]
[ext_resource path="res://assets/fonts/Lato-Regular.ttf" type="DynamicFontData" id=2]
[ext_resource path="res://utils/instruction_background/InstructionBackground.tscn" type="PackedScene" id=3]
[ext_resource path="res://elements/fire/FireBackground.tscn" type="PackedScene" id=4]
[ext_resource path="res://assets/textures/arrow-left-solid.svg" type="Texture" id=5]
[ext_resource path="res://utils/button_animation/animation_data/fire_minigame_button_animation_data.tres" type="Resource" id=6]
[ext_resource path="res://utils/button_animation/ButtonAnimation.gd" type="Script" id=7]
[ext_resource path="res://utils/button_animation/animation_data/icon_button_animation_data.tres" type="Resource" id=8]

[sub_resource type="DynamicFont" id=9]
size = 70
font_data = ExtResource( 2 )

[sub_resource type="Theme" id=3]
default_font = SubResource( 9 )
Button/fonts/font = SubResource( 9 )

[sub_resource type="DynamicFont" id=10]
size = 40
font_data = ExtResource( 2 )

[sub_resource type="Theme" id=6]
default_font = SubResource( 10 )
Button/fonts/font = SubResource( 10 )

[sub_resource type="Theme" id=2]

[sub_resource type="DynamicFont" id=11]
size = 40
font_data = ExtResource( 2 )

[sub_resource type="Theme" id=7]
default_font = SubResource( 11 )
Button/fonts/font = SubResource( 11 )

[sub_resource type="StyleBoxFlat" id=14]
bg_color = Color( 0.231373, 0.0117647, 0.0117647, 0.901961 )
corner_detail = 20

[sub_resource type="StyleBoxFlat" id=15]
bg_color = Color( 0.231373, 0.0117647, 0.0117647, 0.901961 )
corner_detail = 20

[sub_resource type="StyleBoxFlat" id=16]
bg_color = Color( 0.231373, 0.0117647, 0.0117647, 0.901961 )
corner_detail = 20

[sub_resource type="StyleBoxFlat" id=17]
bg_color = Color( 0.231373, 0.0117647, 0.0117647, 0.901961 )
corner_detail = 20

[sub_resource type="StyleBoxFlat" id=18]
bg_color = Color( 0.231373, 0.0117647, 0.0117647, 0.901961 )
corner_detail = 20

[sub_resource type="StyleBoxFlat" id=19]
bg_color = Color( 0.231373, 0.0117647, 0.0117647, 0.901961 )
corner_detail = 20

[sub_resource type="StyleBoxFlat" id=20]
bg_color = Color( 0.231373, 0.0117647, 0.0117647, 0.901961 )
corner_detail = 20

[sub_resource type="DynamicFont" id=12]
size = 40
font_data = ExtResource( 2 )

[sub_resource type="Theme" id=13]
default_font = SubResource( 12 )
Button/fonts/font = SubResource( 12 )

[node name="FireMinigameSelector" type="Control"]
anchor_right = 1.0
anchor_bottom = 1.0
script = ExtResource( 1 )
race_button = NodePath("CanvasLayer/VBoxContainer/CenterContainer2/GridContainer/HBoxContainer2/Race")
word_hunt_button = NodePath("CanvasLayer/VBoxContainer/CenterContainer2/GridContainer/HBoxContainer2/WordHunt")
valise2_button = NodePath("CanvasLayer/VBoxContainer/CenterContainer2/GridContainer/HBoxContainer2/Valise2")
valise3_button = NodePath("CanvasLayer/VBoxContainer/CenterContainer2/GridContainer/HBoxContainer3/Valise3")
rebus3_button = NodePath("CanvasLayer/VBoxContainer/CenterContainer2/GridContainer/HBoxContainer3/Rebus3")
tongue_twister_button = NodePath("CanvasLayer/VBoxContainer/CenterContainer2/GridContainer/HBoxContainer3/TongueTwister")
guess_button = NodePath("CanvasLayer/VBoxContainer/CenterContainer2/GridContainer/CenterContainer/HBoxContainer/Guess")
back_button = NodePath("CanvasLayer/Back")

[node name="FireBackground" parent="." instance=ExtResource( 4 )]

[node name="CanvasLayer" type="CanvasLayer" parent="."]

[node name="InstructionBackground" parent="CanvasLayer" instance=ExtResource( 3 )]
parent = NodePath("../VBoxContainer/CenterContainer/VBoxContainer")

[node name="VBoxContainer" type="VBoxContainer" parent="CanvasLayer"]
anchor_right = 1.0
anchor_bottom = 1.0
__meta__ = {
"_edit_use_anchors_": false
}

[node name="CenterContainer4" type="CenterContainer" parent="CanvasLayer/VBoxContainer"]
margin_right = 1920.0
margin_bottom = 25.0
rect_min_size = Vector2( 0, 25 )

[node name="CenterContainer" type="CenterContainer" parent="CanvasLayer/VBoxContainer"]
margin_top = 29.0
margin_right = 1920.0
margin_bottom = 267.0
size_flags_horizontal = 3
size_flags_vertical = 3

[node name="VBoxContainer" type="VBoxContainer" parent="CanvasLayer/VBoxContainer/CenterContainer"]
margin_left = 744.0
margin_top = 50.0
margin_right = 1175.0
margin_bottom = 188.0

[node name="Label" type="Label" parent="CanvasLayer/VBoxContainer/CenterContainer/VBoxContainer"]
margin_right = 431.0
margin_bottom = 85.0
theme = SubResource( 3 )
text = "FOGO"
align = 1

[node name="Label2" type="Label" parent="CanvasLayer/VBoxContainer/CenterContainer/VBoxContainer"]
margin_top = 89.0
margin_right = 431.0
margin_bottom = 138.0
theme = SubResource( 6 )
text = "ESCOLHA O MINIJOGO"
align = 1

[node name="CenterContainer2" type="CenterContainer" parent="CanvasLayer/VBoxContainer"]
margin_top = 271.0
margin_right = 1920.0
margin_bottom = 1051.0
rect_min_size = Vector2( 0, 780 )

[node name="GridContainer" type="VBoxContainer" parent="CanvasLayer/VBoxContainer/CenterContainer2"]
margin_left = 310.0
margin_top = 40.0
margin_right = 1610.0
margin_bottom = 740.0
theme = SubResource( 2 )
custom_constants/separation = 50

[node name="HBoxContainer2" type="HBoxContainer" parent="CanvasLayer/VBoxContainer/CenterContainer2/GridContainer"]
margin_right = 1300.0
margin_bottom = 200.0
custom_constants/separation = 50

[node name="Race" type="Button" parent="CanvasLayer/VBoxContainer/CenterContainer2/GridContainer/HBoxContainer2"]
margin_right = 400.0
margin_bottom = 200.0
rect_min_size = Vector2( 400, 200 )
rect_pivot_offset = Vector2( 200, 100 )
theme = SubResource( 7 )
custom_styles/hover = SubResource( 14 )
custom_styles/pressed = SubResource( 14 )
custom_styles/focus = SubResource( 14 )
custom_styles/normal = SubResource( 14 )
text = "CORRIDA DO FOGO"
script = ExtResource( 7 )
button_data = ExtResource( 6 )

[node name="WordHunt" type="Button" parent="CanvasLayer/VBoxContainer/CenterContainer2/GridContainer/HBoxContainer2"]
margin_left = 450.0
margin_right = 850.0
margin_bottom = 200.0
rect_min_size = Vector2( 400, 200 )
rect_pivot_offset = Vector2( 200, 100 )
theme = SubResource( 7 )
custom_styles/hover = SubResource( 15 )
custom_styles/pressed = SubResource( 15 )
custom_styles/focus = SubResource( 15 )
custom_styles/normal = SubResource( 15 )
text = "CAÇA PALAVRAS"
script = ExtResource( 7 )
button_data = ExtResource( 6 )

[node name="Valise2" type="Button" parent="CanvasLayer/VBoxContainer/CenterContainer2/GridContainer/HBoxContainer2"]
margin_left = 900.0
margin_right = 1300.0
margin_bottom = 200.0
rect_min_size = Vector2( 400, 200 )
rect_pivot_offset = Vector2( 200, 100 )
theme = SubResource( 7 )
custom_styles/hover = SubResource( 16 )
custom_styles/pressed = SubResource( 16 )
custom_styles/focus = SubResource( 16 )
custom_styles/normal = SubResource( 16 )
text = "PALAVRA VALISE 2"
script = ExtResource( 7 )
button_data = ExtResource( 6 )

[node name="HBoxContainer3" type="HBoxContainer" parent="CanvasLayer/VBoxContainer/CenterContainer2/GridContainer"]
margin_top = 250.0
margin_right = 1300.0
margin_bottom = 450.0
custom_constants/separation = 50

[node name="Valise3" type="Button" parent="CanvasLayer/VBoxContainer/CenterContainer2/GridContainer/HBoxContainer3"]
margin_right = 400.0
margin_bottom = 200.0
rect_min_size = Vector2( 400, 200 )
rect_pivot_offset = Vector2( 200, 100 )
theme = SubResource( 7 )
custom_styles/hover = SubResource( 17 )
custom_styles/pressed = SubResource( 17 )
custom_styles/focus = SubResource( 17 )
custom_styles/normal = SubResource( 17 )
text = "PALAVRA VALISE 3"
script = ExtResource( 7 )
button_data = ExtResource( 6 )

[node name="Rebus3" type="Button" parent="CanvasLayer/VBoxContainer/CenterContainer2/GridContainer/HBoxContainer3"]
margin_left = 450.0
margin_right = 850.0
margin_bottom = 200.0
rect_min_size = Vector2( 400, 200 )
rect_pivot_offset = Vector2( 200, 100 )
theme = SubResource( 7 )
custom_styles/hover = SubResource( 18 )
custom_styles/pressed = SubResource( 18 )
custom_styles/focus = SubResource( 18 )
custom_styles/normal = SubResource( 18 )
text = "RÉBUS 3"
script = ExtResource( 7 )
button_data = ExtResource( 6 )

[node name="TongueTwister" type="Button" parent="CanvasLayer/VBoxContainer/CenterContainer2/GridContainer/HBoxContainer3"]
margin_left = 900.0
margin_right = 1300.0
margin_bottom = 200.0
rect_min_size = Vector2( 400, 200 )
rect_pivot_offset = Vector2( 200, 100 )
theme = SubResource( 7 )
custom_styles/hover = SubResource( 19 )
custom_styles/pressed = SubResource( 19 )
custom_styles/focus = SubResource( 19 )
custom_styles/normal = SubResource( 19 )
text = "TRAVA LÍNGUA"
script = ExtResource( 7 )
button_data = ExtResource( 6 )

[node name="CenterContainer" type="CenterContainer" parent="CanvasLayer/VBoxContainer/CenterContainer2/GridContainer"]
margin_top = 500.0
margin_right = 1300.0
margin_bottom = 700.0

[node name="HBoxContainer" type="HBoxContainer" parent="CanvasLayer/VBoxContainer/CenterContainer2/GridContainer/CenterContainer"]
margin_left = 450.0
margin_right = 850.0
margin_bottom = 200.0
custom_constants/separation = 50

[node name="Guess" type="Button" parent="CanvasLayer/VBoxContainer/CenterContainer2/GridContainer/CenterContainer/HBoxContainer"]
margin_right = 400.0
margin_bottom = 200.0
rect_min_size = Vector2( 400, 200 )
rect_pivot_offset = Vector2( 200, 100 )
theme = SubResource( 7 )
custom_styles/hover = SubResource( 20 )
custom_styles/pressed = SubResource( 20 )
custom_styles/focus = SubResource( 20 )
custom_styles/normal = SubResource( 20 )
text = "ADIVINHA"
script = ExtResource( 7 )
button_data = ExtResource( 6 )

[node name="CenterContainer3" type="CenterContainer" parent="CanvasLayer/VBoxContainer"]
margin_top = 1055.0
margin_right = 1920.0
margin_bottom = 1080.0
rect_min_size = Vector2( 0, 25 )

[node name="Back" type="Button" parent="CanvasLayer"]
margin_left = 50.0
margin_top = 50.0
margin_right = 130.0
margin_bottom = 130.0
rect_min_size = Vector2( 90, 90 )
theme = SubResource( 13 )
icon = ExtResource( 5 )
expand_icon = true
script = ExtResource( 7 )
button_data = ExtResource( 8 )
