[gd_scene load_steps=10 format=2]

[ext_resource path="res://assets/fonts/Lato-Regular.ttf" type="DynamicFontData" id=1]
[ext_resource path="res://elements/earth/rebus1/Rebus1QuestionCard.gd" type="Script" id=2]
[ext_resource path="res://utils/card_borders/CardBorders.tscn" type="PackedScene" id=3]

[sub_resource type="DynamicFont" id=6]
size = 50
outline_color = Color( 0.905882, 0.705882, 0.0980392, 1 )
font_data = ExtResource( 1 )

[sub_resource type="Theme" id=7]
default_font = SubResource( 6 )

[sub_resource type="DynamicFont" id=4]
size = 50
font_data = ExtResource( 1 )

[sub_resource type="Theme" id=3]
default_font = SubResource( 4 )

[sub_resource type="Animation" id=8]
length = 0.001
tracks/0/type = "value"
tracks/0/path = NodePath("HBoxContainer/Label:theme:default_font:outline_size")
tracks/0/interp = 1
tracks/0/loop_wrap = true
tracks/0/imported = false
tracks/0/enabled = true
tracks/0/keys = {
"times": PoolRealArray( 0 ),
"transitions": PoolRealArray( 1 ),
"update": 0,
"values": [ 0 ]
}

[sub_resource type="Animation" id=5]
resource_name = "glow"
length = 0.2
tracks/0/type = "value"
tracks/0/path = NodePath("HBoxContainer/Label:theme:default_font:outline_size")
tracks/0/interp = 1
tracks/0/loop_wrap = true
tracks/0/imported = false
tracks/0/enabled = true
tracks/0/keys = {
"times": PoolRealArray( 0, 0.2 ),
"transitions": PoolRealArray( 1, 1 ),
"update": 0,
"values": [ 0, 6 ]
}

[node name="Rebus1QuestionCard" type="Node2D"]
script = ExtResource( 2 )
sprite = NodePath("Sprite")
label1 = NodePath("HBoxContainer/Label")
label2 = NodePath("HBoxContainer/Label2")
animation_player = NodePath("AnimationPlayer")

[node name="Sprite" type="Sprite" parent="."]
position = Vector2( 0, -75 )

[node name="CardBorders" parent="." instance=ExtResource( 3 )]
position = Vector2( -1, 0 )
size = Vector2( 310, 410 )
corner_radius = 30
border_width = 10

[node name="HBoxContainer" type="HBoxContainer" parent="."]
margin_left = -229.0
margin_top = -30.0
margin_right = 229.0
margin_bottom = 237.0
alignment = 1

[node name="Label" type="Label" parent="HBoxContainer"]
margin_left = 29.0
margin_top = 103.0
margin_right = 233.0
margin_bottom = 164.0
theme = SubResource( 7 )
text = "AAAAAA"
align = 1
valign = 2

[node name="Label2" type="Label" parent="HBoxContainer"]
margin_left = 237.0
margin_top = 103.0
margin_right = 429.0
margin_bottom = 164.0
theme = SubResource( 3 )
text = "BBBBBB"
align = 1
valign = 2

[node name="AnimationPlayer" type="AnimationPlayer" parent="."]
anims/RESET = SubResource( 8 )
anims/glow = SubResource( 5 )
